<?xml version="1.0" encoding="UTF-8"?><collection xmlns="http://www.loc.gov/MARC21/slim"><record><leader>00443nam--2200169-u-4500</leader><controlfield tag="001">000051511</controlfield><controlfield tag="002">20161230</controlfield><controlfield tag="005">20161230201049</controlfield><controlfield tag="008">080724s1000------------r-----000-0-eng-d</controlfield><datafield ind1=" " ind2=" " tag="040"><subfield code="a">IFIN-HH</subfield></datafield><datafield ind1=" " ind2=" " tag="080"><subfield code="a">517.44</subfield></datafield><datafield ind1="1" ind2=" " tag="100"><subfield code="a">Krylov,V.I. i Skoblya,N.S</subfield></datafield><datafield ind1="1" ind2="0" tag="245"><subfield code="a">Spravochnaya Kniga po Chislennomu Obrashcheniyu Preobrazovaniya Laplasa</subfield></datafield><datafield ind1=" " ind2=" " tag="260"><subfield code="a">Mins</subfield><subfield code="c">1968</subfield></datafield><datafield ind1=" " ind2=" " tag="300"><subfield code="a">295 p</subfield></datafield><datafield ind1=" " ind2=" " tag="852"><subfield code="a">76661</subfield><subfield code="c">517.43</subfield></datafield><datafield ind1=" " ind2=" " tag="CAT"><subfield code="a">Sys</subfield><subfield code="c">20080724</subfield><subfield code="h">100537</subfield></datafield></record></collection>